%% This BibTeX bibliography file was created using BibDesk.
%% http://bibdesk.sourceforge.net/


%% Created for Eleanor Brush at 2014-08-18 11:21:32 +0200 


%% Saved with string encoding Unicode (UTF-8) 



@article{deMazancourt:2004uq,
	Author = {Claire deMazancourt and Ulf Dieckmann},
	Date-Added = {2014-08-18 09:19:42 +0000},
	Date-Modified = {2014-08-18 09:21:11 +0000},
	Journal = {The American Naturalist},
	Number = {6},
	Title = {Trade-off geometries and frequency-dependent selection},
	Volume = {164},
	Year = {2004}}

@article{Conlisk:1996kx,
	Author = {John Conlisk},
	Date-Added = {2013-12-15 12:26:36 -0500},
	Date-Modified = {2013-12-15 12:27:02 -0500},
	Journal = {Journal of Economic Literature},
	Month = {June},
	Number = {2},
	Pages = {669-700},
	Title = {Why Bounded Rationality?},
	Volume = {34},
	Year = {1996}}

@article{Kahneman:2003uq,
	Author = {Daniel Kahneman},
	Date-Added = {2013-12-15 12:26:06 -0500},
	Date-Modified = {2013-12-15 12:26:34 -0500},
	Journal = {The American Economic Review},
	Month = {December},
	Number = {5},
	Pages = {1449-1475},
	Title = {Maps of Bounded Rationality: Psychology for Behavioral Economics},
	Volume = {93},
	Year = {2003}}

@article{Gigerenzer:1996fk,
	Author = {Gerd Gigerenzer and Daniel G. Goldstein},
	Date-Added = {2013-12-15 12:25:26 -0500},
	Date-Modified = {2013-12-15 12:26:02 -0500},
	Journal = {Psychological Review},
	Number = {4},
	Pages = {650-669},
	Title = {Reasoning the Fast and Frugal Way: Models of Bounded Rationality},
	Volume = {103},
	Year = {1996}}

@article{Fletcher:2006tg,
	Author = {Jeffrey A. Fletcher and Michael Doebeli},
	Date-Added = {2013-09-30 17:50:47 -0400},
	Date-Modified = {2013-09-30 17:53:13 -0400},
	Journal = {Journal of Evolutionary Biology},
	Number = {5},
	Pages = {1389-1393},
	Title = {How altruism evolves: assortment and synergy},
	Volume = {19},
	Year = {2006}}

@article{Pepper:2002kl,
	Author = {John W. Pepper and Barbara B. Smuts},
	Date-Added = {2013-09-30 17:49:44 -0400},
	Date-Modified = {2013-09-30 17:50:47 -0400},
	Journal = {The American Naturalist},
	Number = {2},
	Pages = {205-213},
	Title = {A mechanism for the evolution of altruism among nonkin: positive assortment through environmental feedback},
	Volume = {160},
	Year = {2002}}

@article{Ackermann:2008oq,
	Author = {Martin Ackermann and Barbel Stecher and Nikki E. Freed and Pascal Songhet and Wolf-Dietrich Hardt and Michael Doebeli},
	Date-Added = {2013-09-30 17:47:42 -0400},
	Date-Modified = {2013-09-30 17:48:28 -0400},
	Journal = {Nature},
	Number = {7207},
	Pages = {987-990},
	Title = {Self-destructive cooperation mediated by phenotypic noise},
	Volume = {454},
	Year = {2008}}

@article{Axelrod:1981nx,
	Author = {Robert Axelrod and William D. Hamilton},
	Date-Added = {2013-09-30 17:45:13 -0400},
	Date-Modified = {2013-09-30 17:45:35 -0400},
	Journal = {Science},
	Number = {4489},
	Pages = {1390-1396},
	Title = {The evolution of cooperation},
	Volume = {211},
	Year = {1981}}

@article{Nelson:1970cr,
	Author = {Phillip Nelson},
	Date-Added = {2013-09-30 17:41:09 -0400},
	Date-Modified = {2013-09-30 17:41:41 -0400},
	Journal = {The Journal of Political Economy},
	Number = {2},
	Pages = {311-329},
	Title = {Information and consumer behavior},
	Volume = {78},
	Year = {1970}}

@article{Waddington:1985bh,
	Author = {Keith D. Waddington},
	Date-Added = {2013-09-30 17:40:33 -0400},
	Date-Modified = {2013-09-30 17:40:57 -0400},
	Journal = {Journal of insect physiology},
	Number = {11},
	Pages = {891-897},
	Title = {Cost-intake information used in foraging},
	Volume = {31},
	Year = {1985}}

@article{Laughlin:2001qf,
	Author = {Simon B. Laughlin},
	Date-Added = {2013-09-30 17:39:50 -0400},
	Date-Modified = {2013-10-13 14:40:51 -0400},
	Journal = {Current opinion in neurobiology},
	Number = {4},
	Pages = {475-480},
	Title = {Energy as a constraint on the coding and processing of sensory information},
	Volume = {11},
	Year = {2001}}

@article{MacIver:2010ve,
	Author = {Malcolm A. MacIver and Neelesh A. Patankar and Anup A. Shirgaonkar},
	Date-Added = {2013-09-30 17:38:37 -0400},
	Date-Modified = {2013-09-30 17:39:13 -0400},
	Journal = {PLoS Computational Biology},
	Number = {5},
	Pages = {e1000769},
	Title = {Energy-information trade-offs between movement and sensing},
	Volume = {6},
	Year = {2010}}

@article{Laughlin:1998ly,
	Author = {Simon B. Laughlin and Rob R. de Ruyter van Steveninck and John C. Anderson},
	Date-Added = {2013-09-30 17:37:20 -0400},
	Date-Modified = {2013-10-13 14:40:40 -0400},
	Journal = {Nature neuroscience},
	Number = {1},
	Pages = {36-41},
	Title = {The metabolic cost of neural information},
	Volume = {1},
	Year = {1998}}

@article{Panchanathan:2003kx,
	Author = {Karthik Panchanathan and Robert Boyd},
	Date-Added = {2013-09-30 13:38:24 -0400},
	Date-Modified = {2013-10-13 14:37:27 -0400},
	Journal = {Journal of Theoretical Biology},
	Number = {1},
	Pages = {115-126},
	Title = {A tale of two defectors: the importance of standing for evolution of indirect reciprocity},
	Volume = {224},
	Year = {2003}}

@article{Brandt:2006uq,
	Author = {Hannelore Brandt and Karl Sigmund},
	Date-Added = {2013-09-30 11:40:40 -0400},
	Date-Modified = {2013-10-13 14:42:08 -0400},
	Journal = {Journal of Theoretical Biology},
	Number = {2},
	Pages = {183-194},
	Title = {The good, the bad and the discriminator-- Errors in direct and indirect reciprocity},
	Volume = {239},
	Year = {2006}}

@article{Uchida:2010fk,
	Author = {Satoshi Uchida},
	Date-Added = {2013-09-30 11:09:03 -0400},
	Date-Modified = {2013-09-30 11:09:55 -0400},
	Journal = {Physical Review E},
	Number = {3},
	Pages = {036111},
	Title = {Effect of private information on indirect reciprocity},
	Volume = {82},
	Year = {2010}}

@article{Pacheco:2006ys,
	Author = {Jorge M. Pacheco and Francisco C. Santos and Fabio A. C. C. Chalub},
	Date-Added = {2013-09-25 21:04:52 -0400},
	Date-Modified = {2013-10-13 14:38:21 -0400},
	Journal = {PLoS Computational Biology},
	Number = {12},
	Pages = {1634-1638},
	Title = {Stern-Judging: A Simple, Successful Norm Which Promotes Cooperation under Indirect Reciprocity},
	Volume = {2},
	Year = {2006}}

@article{Uchida:2010vn,
	Author = {Satoshi Uchida and Karl Sigmund},
	Date-Added = {2013-09-25 21:02:54 -0400},
	Date-Modified = {2013-10-13 14:36:03 -0400},
	Journal = {Proceedings of the National Academy of Sciences},
	Number = {1},
	Pages = {13-19},
	Title = {The competition of assessment rules for indirect reciprocity},
	Volume = {263},
	Year = {2010}}

@article{Ohtsuki:2006kx,
	Author = {Hisashi Ohtsuki and Yoh Iwasa},
	Date-Added = {2013-09-25 21:02:04 -0400},
	Date-Modified = {2013-10-13 14:38:50 -0400},
	Journal = {Journal of Theoretical Biology},
	Number = {4},
	Pages = {435-444},
	Title = {The leading eight: Social norms that can maintain cooperation by indirect reciprocity},
	Volume = {239},
	Year = {2006}}

@article{Brandt:2004uq,
	Author = {Hannelore Brandt and Karl Sigmund},
	Date-Added = {2013-09-25 21:00:50 -0400},
	Date-Modified = {2013-10-13 14:41:58 -0400},
	Journal = {Journal of Theoretical Biology},
	Number = {4},
	Pages = {475-486},
	Title = {The logic of reprobation: assessment and action rules for indirect reciprocation},
	Volume = {231},
	Year = {2004}}

@article{Nowak:1998fk,
	Author = {Martin A. Nowak and Karl Sigmund},
	Date-Added = {2013-09-25 20:57:26 -0400},
	Date-Modified = {2013-10-13 14:39:00 -0400},
	Journal = {Journal of Theoretical Biology},
	Number = {4},
	Pages = {561-574},
	Title = {The Dynamics of Indirect Reciprocity},
	Volume = {194},
	Year = {1998}}

@article{Zimmerman:2005fv,
	Author = {Martin G. Zimmerman and Victor M. Eguiluz},
	Date-Added = {2013-09-25 20:55:15 -0400},
	Date-Modified = {2013-10-13 14:35:46 -0400},
	Journal = {Physical Review E},
	Number = {5},
	Pages = {056118},
	Title = {Cooperation, social networks, and the emergence of leadership in a prisoner's dilemma with adaptive local interactions},
	Volume = {72},
	Year = {2005}}

@article{Li-Xin:2008bs,
	Author = {Zhong Li-Xin and Qiu Tian and Xu Jiang-Rong},
	Date-Added = {2013-09-25 20:54:14 -0400},
	Date-Modified = {2013-10-13 14:40:28 -0400},
	Journal = {Chinese Physics Letters},
	Number = {6},
	Pages = {2315},
	Title = {Heterogeneity Improves Cooperation in Continuous Snowdrift Game},
	Volume = {25},
	Year = {2008}}

@article{Tavoni:2012ij,
	Author = {Alessandro Tavoni and Maja Schluter and Simon Levin},
	Date-Added = {2013-09-25 20:53:10 -0400},
	Date-Modified = {2013-09-25 20:54:13 -0400},
	Journal = {Journal of Theoretical Biology},
	Pages = {152-161},
	Title = {The survival of the conformist: Social pressure and renewable resource management},
	Volume = {299},
	Year = {2012}}

@article{Tanimoto:2009hc,
	Author = {Jun Tanimoto},
	Date-Added = {2013-09-25 20:52:42 -0400},
	Date-Modified = {2013-10-13 14:36:32 -0400},
	Journal = {Physica A},
	Number = {6},
	Pages = {953-960},
	Title = {Promotion of cooperation through co-evolution of networks and strategy in a 2 x 2 game},
	Volume = {388},
	Year = {2009}}

@article{Sims:2006tg,
	Author = {Christopher A. Sims},
	Date-Added = {2013-09-25 20:51:55 -0400},
	Date-Modified = {2013-10-13 14:37:17 -0400},
	Journal = {The American Economic Review},
	Number = {2},
	Pages = {158-163},
	Title = {Rational inattention: Beyond the linear-quadratic case},
	Volume = {96},
	Year = {2006}}

@article{Sims:2003kl,
	Author = {Christopher A. Sims},
	Date-Added = {2013-09-25 20:50:56 -0400},
	Date-Modified = {2013-10-13 14:37:07 -0400},
	Journal = {Journal of Monetary Economics},
	Number = {3},
	Pages = {665-690},
	Title = {Implications of rational inattention},
	Volume = {50},
	Year = {2003}}

@article{Panchanathan:2004oq,
	Author = {Karthik Panchanathan and Robert Boyd},
	Date-Added = {2013-09-25 20:50:07 -0400},
	Date-Modified = {2013-10-13 14:37:57 -0400},
	Journal = {Nature},
	Number = {7016},
	Pages = {499-502},
	Title = {Indirect reciprocity can stabilize cooperation without the second-order free rider problem},
	Volume = {432},
	Year = {2004}}

@article{Nowak:1998nx,
	Author = {Martin Nowak and Karl Sigmund},
	Date-Added = {2013-09-25 20:49:43 -0400},
	Date-Modified = {2013-10-13 14:39:14 -0400},
	Journal = {Nature},
	Number = {6685},
	Pages = {573-577},
	Title = {Evolution of indirect reciprocity by image scoring},
	Volume = {393},
	Year = {1998}}

@article{Nowak:2006zr,
	Author = {Martin Nowak},
	Date-Added = {2013-09-25 20:49:17 -0400},
	Date-Modified = {2013-10-13 14:39:27 -0400},
	Journal = {Science},
	Number = {5805},
	Pages = {1560-1563},
	Title = {Five rules for the evolution of cooperation},
	Volume = {314},
	Year = {2006}}

@article{Nakamura:2011dq,
	Author = {Mitsuhiro Nakamura and Naoki Masuda},
	Date-Added = {2013-09-25 20:46:44 -0400},
	Date-Modified = {2013-10-13 14:39:37 -0400},
	Journal = {PLoS Computational Biology},
	Number = {7},
	Pages = {e1002113},
	Title = {Indirect Reciprocity under Incomplete Observation},
	Volume = {7},
	Year = {2011}}

@article{Matejka:2011bh,
	Author = {Filip Matejka and Christopher A. Sims},
	Date-Added = {2013-09-25 20:42:26 -0400},
	Date-Modified = {2013-09-25 20:46:43 -0400},
	Journal = {CERGE-EI Working Paper Series},
	Title = {Discrete Actions in Information-Constrained Tracking Problems},
	Volume = {441},
	Year = {2011}}

@article{Luo:2009qf,
	Author = {Yulei Luo and Eric R Young},
	Date-Added = {2013-09-25 20:41:24 -0400},
	Date-Modified = {2013-10-13 14:40:02 -0400},
	Journal = {The B.E. Journal of Macroeconomics},
	Number = {1},
	Title = {Rational inattention and aggregate fluctuations},
	Volume = {9},
	Year = {2009}}

@article{Kreps:1982ys,
	Author = {David M Kreps and Paul Milgrom and John Roberts and Robert Wilson},
	Date-Added = {2013-09-25 20:37:46 -0400},
	Date-Modified = {2013-10-12 16:24:29 -0400},
	Journal = {Journal of Economic Theory},
	Number = {2},
	Pages = {245-252},
	Title = {Rational cooperation in the finitely repeated prisoner's dilemma},
	Volume = {27},
	Year = {1982}}

@article{Killingback:2002ly,
	Author = {Timothy Killingback and Michael Doebeli},
	Date-Added = {2013-09-25 20:37:08 -0400},
	Date-Modified = {2013-10-13 14:41:25 -0400},
	Journal = {The American Naturalist},
	Number = {4},
	Pages = {421-438},
	Title = {The continuous prisoner's dilemma and the evolution of cooperation through reciprocal altruism with variable investment},
	Volume = {160},
	Year = {2002}}

@article{Kerr:2003vn,
	Author = {Benjamin Kerr and Marcus W. Feldman},
	Date-Added = {2013-09-25 20:35:54 -0400},
	Date-Modified = {2013-09-30 17:39:36 -0400},
	Journal = {Journal of Theoretical Biology},
	Number = {2},
	Pages = {169-188},
	Title = {Carving the cognitive niche: Optimal learning strategies in homogeneous and heterogeneous environments},
	Volume = {220},
	Year = {2003}}

@article{Doebeli:2004vn,
	Author = {Michael Doebeli and Christoph Hauert and Timothy Killingback},
	Date-Added = {2013-09-25 20:34:24 -0400},
	Date-Modified = {2013-10-13 14:41:37 -0400},
	Journal = {Science},
	Number = {5697},
	Pages = {859-862},
	Title = {The evolutionary origin of cooperators and defectors},
	Volume = {306},
	Year = {2004}}

@article{Doebeli:2005ys,
	Author = {Michael Doebeli and Christoph Hauert},
	Date-Added = {2013-09-25 18:21:58 -0400},
	Date-Modified = {2013-10-13 14:41:48 -0400},
	Journal = {Ecology Letters},
	Number = {7},
	Pages = {748-766},
	Title = {Models of cooperation based on the Prisoner's dilemma and the snowdrift game},
	Volume = {8},
	Year = {2005}}

@article{Ambrose:2010uq,
	Author = {Stanley Ambrose},
	Date-Added = {2013-09-25 18:21:14 -0400},
	Date-Modified = {2014-03-31 10:32:14 -0400},
	Journal = {Current Anthropology},
	Number = {S1},
	Pages = {S135-S147},
	Title = {Coevolution of composite-tool technology, constructive memory, and language: Implications for the evolution of modern human behavior},
	Volume = {51},
	Year = {2010}}

@article{Alonso-Sanz:2009fk,
	Author = {Ramon Alonso-Sanz},
	Date-Added = {2013-09-25 18:20:26 -0400},
	Date-Modified = {2013-10-13 14:42:53 -0400},
	Journal = {BioSystems},
	Number = {2},
	Pages = {90-102},
	Title = {Memory versus spatial disorder in the support of cooperation},
	Volume = {97},
	Year = {2009}}
